@article{brouste2013parameter,
  title={Parameter estimation for the discretely observed fractional Ornstein--Uhlenbeck process and the Yuima R package},
  author={Brouste, Alexandre and Iacus, Stefano M},
  journal={Computational Statistics},
  volume={28},
  number={4},
  pages={1529--1547},
  year={2013},
  publisher={Springer}
}
@article{jarrow2011detect,
  title={How to detect an asset bubble},
  author={Jarrow, Robert and Kchia, Younes and Protter, Philip},
  journal={SIAM Journal on Financial Mathematics},
  volume={2},
  number={1},
  pages={839--865},
  year={2011},
  publisher={SIAM}
}

@inproceedings{genon1993estimation,
  title={On the estimation of the diffusion coefficient for multi-dimensional diffusion processes},
  author={Genon-Catalot, Valentine and Jacod, Jean},
  booktitle={Annales de l'IHP Probabilit{\'e}s et statistiques},
  volume={29},
  number={1},
  pages={119--151},
  year={1993},
  organization={Gauthier-Villars}
}